@Book{Espeloer1997,
  author    = {Espeloer, Horst and Heckhuis, Ulrich and Nehm, Horst},
  publisher = {H. Espeloer, Dortmund},
  title     = {{GOJU-Ryu Karate-Do}},
  year      = {1997},
  isbn      = {3000013423},
  subtitle  = {Grundlagen, Wettkampf-Training, Selbstverteidigung, Kata},
}

@Book{Nakayama2020,
  author    = {Nakayama, Masatoshi},
  publisher = {VP-Masberg},
  title     = {{Karate-Do}},
  year      = {2020},
  isbn      = {9783943593853},
  subtitle  = {Dynamic Karate},
}

@Book{Sebej1998,
  author    = {Sebej, Frantisek and Müller-Deck, Hans},
  publisher = {Sportverlag},
  title     = {{Goju-Ryu-Karate für Einsteiger}},
  year      = {1998},
  isbn      = {9783328007838},
  groups    = {Verwendet},
}

@Book{Gsodam1992,
  author    = {Gsodam, Friedrich},
  publisher = {Eigenverlag},
  title     = {{Goju-Ryu Karatedo}},
  year      = {1992},
  subtitle  = {Geschichte, Weg und Ziel},
}

@Manual{GKD2023,
  title        = {{Prüfungsordnung der Stilrichtung GOJU-Ryu Karate-Do im DKV}},
  author       = {GKD},
  month        = jan,
  organization = {GKD GOJU-Ryu Karate-Bund Deutschland e.V.},
  year         = {2023},
  subtitle     = {Dan-Grade, Kyu-Grade},
  url          = {https://www.karate-gkd.de/},
}

@Book{Higaonna1985,
  author    = {Higaonna, Morio},
  publisher = {Japan Pubns},
  title     = {{Traditional Karate-Do: Okinawa Goju Ryu}},
  year      = {1985},
  isbn      = {9780870405952},
  series    = {Traditional Karatedo},
  volume    = {1},
  pages     = {172},
  subtitle  = {The Fundamental Techniques (Traditional Karate-Do)},
}

@Book{Habersetzer2018,
  author    = {Habersetzer, Roland},
  publisher = {S.B.J Sportland},
  title     = {{Die Grundtechniken des Karate : Vom Weißgurt bis zum 1. Dan}},
  year      = {2018},
  isbn      = {9783938305188},
  subtitle  = {Vom Weißgurt bis zum 1. Dan},
}

@Misc{Heubeck2009,
  author       = {Heubeck, Alfred},
  howpublished = {Internet},
  title        = {{Shotokan Kihon-Ippon-Kumite}},
  year         = {2009},
  comment      = {3-teiliges PDF},
  pages        = {69},
  url          = {http://www.karatedo-hausheim.de},
}

@Misc{Heubeck2022a,
  author       = {Heubeck, Alfred},
  howpublished = {Internet},
  title        = {{Shotokan Drills}},
  year         = {2022},
  pages        = {42},
  url          = {http://www.karatedo-hausheim.de},
}

@Misc{Internet,
  author       = {Internet},
  howpublished = {online},
  title        = {{Allgemeine Recherche, Nutzfundstücke, Quelle nicht mehr eindeutig nachvollziehbar}},
}

@Misc{Eagan2015,
  author       = {Chad Eagan},
  howpublished = {Internet},
  month        = aug,
  title        = {{Bogyo Roku Kyodo}},
  year         = {2015},
  url          = {https://vimeo.com/137025073},
}

@Misc{Eagan2015a,
  author       = {Chad Eagan},
  howpublished = {Internet},
  month        = aug,
  title        = {{Tsuki Kata}},
  year         = {2015},
  url          = {https://vimeo.com/135724175},
}

@Comment{jabref-meta: databaseType:bibtex;}

@Comment{jabref-meta: fileDirectoryLatex-SESA246318-WTDELVSE274935L:C:\\Users\\sesa246318\\Documents\\GIT\\GRKD;}

@Comment{jabref-meta: saveActions:disabled;
all-text-fields[identity]
date[normalize_date]
month[normalize_month]
pages[normalize_page_numbers]
;}
