@Book{Kogel2010,
  author    = {Kogel, Helmut},
  publisher = {Meyer + Meyer Fachverlag},
  title     = {{Kata Bunkai}},
  year      = {2010},
  isbn      = {9783898995337},
  groups    = {DE},
  subtitle  = {Die geheimen Techniken im Karate},
}

@Book{Espeloer1997,
  author    = {Espeloer, Horst and Heckhuis, Ulrich and Nehm, Horst},
  publisher = {H. Espeloer, Dortmund},
  title     = {{GOJU-Ryu Karate-Do}},
  year      = {1997},
  isbn      = {3000013423},
  groups    = {DE},
  subtitle  = {Grundlagen, Wettkampf-Training, Selbstverteidigung, Kata},
}

@Book{Nakayama2020,
  author    = {Nakayama, Masatoshi},
  publisher = {VP-Masberg},
  title     = {{Karate-Do}},
  year      = {2020},
  isbn      = {9783943593853},
  groups    = {EN},
  subtitle  = {Dynamic Karate},
}

@Book{Sebej1998,
  author    = {Sebej, Frantisek and Müller-Deck, Hans},
  publisher = {Sportverlag},
  title     = {{Goju-Ryu-Karate für Einsteiger}},
  year      = {1998},
  isbn      = {9783328007838},
  groups    = {DE},
}

@Book{Gsodam1992,
  author    = {Gsodam, Friedrich},
  publisher = {Eigenverlag},
  title     = {{Goju-Ryu Karatedo}},
  year      = {1992},
  groups    = {DE},
  subtitle  = {Geschichte, Weg und Ziel},
}

@Book{Tartaglia2019,
  author    = {Tartaglia, Fiore},
  publisher = {SpectraVerlag},
  title     = {{Die Karate-Essenz}},
  year      = {2019},
  isbn      = {9783945583999},
  abstract  = {Das ist jetzt mal nur ein Test},
  groups    = {DE},
  subtitle  = {Das Handbuch},
}

@Manual{GKD2023,
  title        = {{Prüfungsordnung der Stilrichtung GOJU-Ryu Karate-Do im DKV}},
  author       = {GKD},
  month        = jan,
  organization = {GKD GOJU-Ryu Karate-Bund Deutschland e.V.},
  year         = {2023},
  groups       = {DE},
  subtitle     = {Dan-Grade, Kyu-Grade},
  url          = {https://www.karate-gkd.de/},
}

@Book{Higaonna1985,
  author    = {Higaonna, Morio},
  publisher = {Japan Pubns},
  title     = {{Traditional Karate-Do: Okinawa Goju Ryu}},
  year      = {1985},
  isbn      = {9780870405952},
  series    = {Traditional Karatedo},
  volume    = {1},
  groups    = {EN},
  pages     = {172},
  subtitle  = {The Fundamental Techniques (Traditional Karate-Do)},
}

@Book{Higaonna1986,
  author    = {Higaonna, Morio},
  publisher = {Japan Pubns},
  title     = {{Traditional Karate-Do: Okinawa Goju Ryu}},
  year      = {1986},
  isbn      = {9780870405969},
  series    = {Traditional Karatedo},
  volume    = {2},
  groups    = {EN},
  pages     = {148},
  subtitle  = {Performances of the Kata (Traditional Karate-Do, 2)},
}

@Book{Higaonna1989,
  author    = {Higaonna, Morio},
  publisher = {Japan Pubns},
  title     = {{Traditional Karate-Do: Okinawa Goju Ryu }},
  year      = {1989},
  isbn      = {9780870405976},
  series    = {Traditional Karatedo},
  volume    = {3},
  groups    = {EN},
  pages     = {160},
  subtitle  = {Applications of the Kata (Traditional Karate-Do, 3)},
}

@Book{Higaonna1990,
  author    = {Higaonna, Morio},
  publisher = {Japan Pubns},
  title     = {{Traditional Karate-Do: Okinawa Goju Ryu}},
  year      = {1990},
  isbn      = {9780870408489},
  series    = {Traditional Karatedo},
  volume    = {4},
  groups    = {EN},
  pages     = {174},
  subtitle  = {Applications of the Kata, Part 2 (Traditional Karate-Do, 4)},
}

@Book{Noepel2007,
  author    = {Nöpel, Fritz and Nienhaus, Martin},
  publisher = {Books on Demand GmbH},
  title     = {{Jukuren : Kampfkunst der Erfahrenen}},
  year      = {2007},
  isbn      = {9783839122464},
  groups    = {DE},
  subtitle  = {Kampfkunst der Erfahrenen},
}

@Book{Noepel2021,
  author    = {Nöpel, Fritz and Nienhaus, Martin},
  publisher = {Selbstverlag},
  title     = {{meine Reise ins Herz der Kata}},
  year      = {2021},
  isbn      = {9783000718038},
  groups    = {DE},
}

@Book{Test2024,
  author    = {Test},
  publisher = {Nochsoeiner},
  title     = {Gurkenhals},
  year      = {2024},
}

@Comment{jabref-meta: databaseType:bibtex;}

@Comment{jabref-meta: fileDirectoryLatex-SESA246318-WTDELVSE274935L:C:\\Users\\sesa246318\\Documents\\GIT\\GRKD;}

@Comment{jabref-meta: grouping:
0 AllEntriesGroup:;
1 StaticGroup:DE\;0\;1\;0xcc3333ff\;\;Deutsch\;;
1 StaticGroup:EN\;0\;0\;0xcccc33ff\;\;Englisch\;;
}

@Comment{jabref-meta: saveActions:disabled;
all-text-fields[identity]
date[normalize_date]
month[normalize_month]
pages[normalize_page_numbers]
;}
