@Book{Kogel2010,
  author    = {Kogel, Helmut},
  publisher = {Meyer + Meyer Fachverlag},
  title     = {{Kata Bunkai}},
  year      = {2010},
  isbn      = {9783898995337},
  subtitle  = {Die geheimen Techniken im Karate},
}

@Book{Espeloer1997,
  author    = {Espeloer, Horst and Heckhuis, Ulrich and Nehm, Horst},
  publisher = {H. Espeloer, Dortmund},
  title     = {{GOJU-Ryu Karate-Do}},
  year      = {1997},
  isbn      = {3000013423},
  subtitle  = {Grundlagen, Wettkampf-Training, Selbstverteidigung, Kata},
}

@Book{Nakayama2020,
  author    = {Nakayama, Masatoshi},
  publisher = {VP-Masberg},
  title     = {{Karate-Do}},
  year      = {2020},
  isbn      = {9783943593853},
  subtitle  = {Dynamic Karate},
}

@Book{Sebej1998,
  author    = {Sebej, Frantisek and Müller-Deck, Hans},
  publisher = {Sportverlag},
  title     = {{Goju-Ryu-Karate für Einsteiger}},
  year      = {1998},
  isbn      = {9783328007838},
}

@Book{Gsodam1992,
  author    = {Gsodam, Friedrich},
  publisher = {Eigenverlag},
  title     = {{Goju-Ryu Karatedo}},
  year      = {1992},
  subtitle  = {Geschichte, Weg und Ziel},
}

@Book{Tartaglia2019,
  author    = {Tartaglia, Fiore},
  publisher = {SpectraVerlag},
  title     = {{Die Karate-Essenz}},
  year      = {2019},
  isbn      = {9783945583999},
  abstract  = {Das ist jetzt mal nur ein Test},
  subtitle  = {Das Handbuch},
}

@Manual{GKD2023,
  title        = {{Prüfungsordnung der Stilrichtung GOJU-Ryu Karate-Do im DKV}},
  author       = {GKD},
  month        = jan,
  organization = {GKD GOJU-Ryu Karate-Bund Deutschland e.V.},
  year         = {2023},
  subtitle     = {Dan-Grade, Kyu-Grade},
  url          = {https://www.karate-gkd.de/},
}

@Book{Higaonna1985,
  author    = {Higaonna, Morio},
  publisher = {Japan Pubns},
  title     = {{Traditional Karate-Do: Okinawa Goju Ryu}},
  year      = {1985},
  isbn      = {9780870405952},
  series    = {Traditional Karatedo},
  volume    = {1},
  pages     = {172},
  subtitle  = {The Fundamental Techniques (Traditional Karate-Do)},
}

@Book{Higaonna1986,
  author    = {Higaonna, Morio},
  publisher = {Japan Pubns},
  title     = {{Traditional Karate-Do: Okinawa Goju Ryu}},
  year      = {1986},
  isbn      = {9780870405969},
  series    = {Traditional Karatedo},
  volume    = {2},
  pages     = {148},
  subtitle  = {Performances of the Kata (Traditional Karate-Do, 2)},
}

@Book{Higaonna1989,
  author    = {Higaonna, Morio},
  publisher = {Japan Pubns},
  title     = {{Traditional Karate-Do: Okinawa Goju Ryu }},
  year      = {1989},
  isbn      = {9780870405976},
  series    = {Traditional Karatedo},
  volume    = {3},
  pages     = {160},
  subtitle  = {Applications of the Kata (Traditional Karate-Do, 3)},
}

@Book{Higaonna1990,
  author    = {Higaonna, Morio},
  publisher = {Japan Pubns},
  title     = {{Traditional Karate-Do: Okinawa Goju Ryu}},
  year      = {1990},
  isbn      = {9780870408489},
  series    = {Traditional Karatedo},
  volume    = {4},
  pages     = {174},
  subtitle  = {Applications of the Kata, Part 2 (Traditional Karate-Do, 4)},
}

@Book{Noepel2007,
  author    = {Nöpel, Fritz and Nienhaus, Martin},
  publisher = {Books on Demand GmbH},
  title     = {{Jukuren : Kampfkunst der Erfahrenen}},
  year      = {2007},
  isbn      = {9783839122464},
  subtitle  = {Kampfkunst der Erfahrenen},
}

@Book{Noepel2021,
  author    = {Nöpel, Fritz and Nienhaus, Martin},
  publisher = {Selbstverlag},
  title     = {{meine Reise ins Herz der Kata}},
  year      = {2021},
  isbn      = {9783000718038},
}

@Book{Habersetzer2018,
  author    = {Habersetzer, Roland},
  publisher = {S.B.J Sportland},
  title     = {{Die Grundtechniken des Karate : Vom Weißgurt bis zum 1. Dan}},
  year      = {2018},
  isbn      = {9783938305188},
  subtitle  = {Vom Weißgurt bis zum 1. Dan},
}

@Book{Kogel2018,
  author = {Kogel, Helmut and Hokama, Tetsuhiro},
  title  = {{Kata Bunkai, Okinawa Torite: Hebel, Kansetsu Waza für alle Kampfsportler}},
  year   = {2018},
  isbn   = {9798579605412},
  month  = jul,
  pages  = {183},
}

@Book{Habersetzer2010,
  author    = {Habersetzer, Roland},
  publisher = {Palisander Verlag},
  title     = {{39 Karate-Kata : Aus Wado-ryu, Goju-ryu und Shito-ryu}},
  year      = {2010},
  isbn      = {9783938305157},
  subtitle  = {Aus Wado-ryu, Goju-ryu und Shito-ryu},
}

@Book{Kogel2020,
  author = {Kogel, Helmut and Hokama, Tetsuhiro and McCarthy, Patrick},
  title  = {{Okinawa Goju Ryu Kata Bunkai: Elemente aus dem Bubishi}},
  year   = {2020},
  isbn   = {9798841399575},
  volume = {1},
}

@Book{Kogel2020a,
  author = {Kogel, Helmut and Hokama, Tetsuhiro and McCarthy, Patrick},
  title  = {{Okinawa Goju Ryu Kata Bunkai: Elemente aus dem Bubishi}},
  year   = {2020},
  isbn   = {9798841402770},
  volume = {2},
}

@Book{Kogel2020b,
  author = {Kogel, Helmut and Hokama, Tetsuhiro and McCarthy, Patrick},
  title  = {{Okinawa Goju Ryu Kata Bunkai: Elemente aus dem Bubishi}},
  year   = {2020},
  isbn   = {9798841452430},
  volume = {3},
}

@Misc{Heubeck2009,
  author       = {Heubeck, Alfred},
  howpublished = {Internet},
  title        = {{Shotokan Kihon-Ippon-Kumite}},
  year         = {2009},
  comment      = {3-teiliges PDF},
  pages        = {69},
  url          = {http://www.karatedo-hausheim.de},
}

@Misc{Heubeck2022,
  author       = {Heubeck, Alfred},
  howpublished = {Internet},
  title        = {{Shotokan Handlungsketten}},
  year         = {2022},
  pages        = {17},
  url          = {http://www.karatedo-hausheim.de},
}

@Misc{Heubeck2022a,
  author       = {Heubeck, Alfred},
  howpublished = {Internet},
  title        = {{Shotokan Drills}},
  year         = {2022},
  pages        = {42},
  url          = {http://www.karatedo-hausheim.de},
}

@Book{Walbersdorf,
  author    = {Walbersdorf, Roger and Stochel, Peter},
  publisher = {Selbstverlag},
  title     = {{Yuishinkan Trainingsformen in Bildern Kumite-Ura und Nage-Waza}},
  address   = {Roger Walbersdorf, Auguste-Picard-Weg 108, 40764 Langenfeld},
  url       = {https://www.karate-langenfeld.de},
}

@Book{McCarthy1995,
  author    = {McCarthy, Patrick},
  publisher = {Tuttle Publishing},
  title     = {{The Bible of Karate Bubishi}},
  year      = {1995},
  isbn      = {9780804820158},
  pages     = {214},
}

@Book{Nakayama2013,
  author    = {Nakayama, Masatoshi and Draeger, Donn F.},
  editor    = {Mario Masberg},
  publisher = {VP-Masberg},
  title     = {{Grundlagen der Selbstverteidigung}},
  year      = {2013},
  isbn      = {9783943593068},
  month     = may,
  series    = {Karate in der Praxis},
  volume    = {1},
  pages     = {118},
}

@Book{Nakayama2013a,
  author    = {Nakayama, Masatoshi and Draeger, Donn F.},
  editor    = {Mario Masberg},
  publisher = {VP-Masberg},
  title     = {{Verteidigung gegen einen einzelnen Angreifer}},
  year      = {2013},
  isbn      = {9783943593082},
  month     = may,
  series    = {Karate in der Praxis},
  volume    = {2},
  pages     = {126},
}

@Misc{Internet,
  author       = {Internet},
  howpublished = {Internet},
  title        = {{Allgemeine Recherche, Nutzfundstücke, Quelle nicht mehr eindeutig nachvollziehbar}},
}

@Book{Hahnemann,
  author    = {Hahnemann, Gerd},
  publisher = {Eigenverlag},
  title     = {{Goju-Ryu Karate-Do - Kata und Bunkai}},
}

@Misc{Eagan2015,
  author       = {Chad Eagan},
  howpublished = {Internet},
  month        = aug,
  title        = {{Bogyo Roku Kyodo}},
  year         = {2015},
  url          = {https://vimeo.com/137025073},
}

@Misc{Eagan2015a,
  author       = {Chad Eagan},
  howpublished = {Internet},
  month        = aug,
  title        = {{Tsuki Kata}},
  year         = {2015},
  url          = {https://vimeo.com/135724175},
}

@Comment{jabref-meta: databaseType:bibtex;}

@Comment{jabref-meta: fileDirectoryLatex-SESA246318-WTDELVSE274935L:C:\\Users\\sesa246318\\Documents\\GIT\\GRKD;}

@Comment{jabref-meta: saveActions:disabled;
all-text-fields[identity]
date[normalize_date]
month[normalize_month]
pages[normalize_page_numbers]
;}
