@Book{Kogel2010,
  author    = {Kogel, Helmut},
  publisher = {Meyer + Meyer Fachverlag},
  title     = {{Kata Bunkai}},
  year      = {2010},
  isbn      = {9783898995337},
  subtitle  = {Die geheimen Techniken im Karate},
}

@Book{Espeloer1997,
  author    = {Espeloer, Horst and Heckhuis, Ulrich and Nehm, Horst},
  publisher = {H. Espeloer, Dortmund},
  title     = {{GOJU-Ryu Karate-Do}},
  year      = {1997},
  isbn      = {3000013423},
  subtitle  = {Grundlagen, Wettkampf-Training, Selbstverteidigung, Kata},
}

@Manual{GKD2023,
  title        = {{Prüfungsordnung der Stilrichtung GOJU-Ryu Karate-Do im DKV}},
  author       = {GKD},
  month        = jan,
  organization = {GKD GOJU-Ryu Karate-Bund Deutschland e.V.},
  year         = {2023},
  subtitle     = {Dan-Grade, Kyu-Grade},
  url          = {https://www.karate-gkd.de/},
}

@Misc{Heubeck2009,
  author       = {Heubeck, Alfred},
  howpublished = {Internet},
  title        = {{Shotokan Kihon-Ippon-Kumite}},
  year         = {2009},
  comment      = {3-teiliges PDF},
  pages        = {69},
  url          = {http://www.karatedo-hausheim.de},
}

@Misc{Internet,
  author       = {Internet},
  howpublished = {Internet},
  title        = {{Allgemeine Recherche, Netzfundstücke, Quelle nicht mehr eindeutig nachvollziehbar}},
}

@Misc{Kiev2013,
  author       = {IOGKF Kiev},
  howpublished = {Internet},
  month        = apr,
  title        = {{Goju-ryu kata - Gekisai-dai-ichi - Renzoku Bunkai}},
  year         = {2013},
  url          = {https://www.youtube.com/watch?v=BHV5VTsmpsA},
}

@Misc{SandraSanKarate2020,
  author       = {SandraSanKarate},
  howpublished = {Internet},
  month        = apr,
  title        = {{RENZOKU BUNKAI GEKISAI DAI ICHI. Jesús Del Moral y Sandra Sánchez}},
  year         = {2020},
  url          = {https://www.youtube.com/watch?v=xTVrHhCXXQU},
}

@Comment{jabref-meta: databaseType:bibtex;}

@Comment{jabref-meta: fileDirectoryLatex-SESA246318-WTDELVSE274935L:C:\\Users\\sesa246318\\Documents\\GIT\\GRKD;}

@Comment{jabref-meta: saveActions:disabled;
all-text-fields[identity]
date[normalize_date]
month[normalize_month]
pages[normalize_page_numbers]
;}
